<record><leader>00000cas a2200000 a 4500</leader><controlfield tag="001">8807813</controlfield><controlfield tag="008">820925d18491889inudn ne      0    0eng  </controlfield><datafield ind1=" " ind2=" " tag="010"><subfield code="a">sn 82015311 </subfield></datafield><datafield ind1=" " ind2=" " tag="040"><subfield code="a">DLC</subfield><subfield code="b">eng</subfield><subfield code="c">DLC</subfield><subfield code="d">NPV</subfield><subfield code="d">NPX</subfield><subfield code="d">NPI</subfield><subfield code="d">OCL</subfield><subfield code="d">DLC</subfield><subfield code="d">NPI</subfield><subfield code="d">DLC</subfield><subfield code="d">NVF</subfield><subfield code="d">MGN</subfield><subfield code="d">OCL</subfield><subfield code="d">NVF</subfield><subfield code="d">DLC</subfield><subfield code="d">OCLCQ</subfield><subfield code="d">OCLCF</subfield><subfield code="d">IUL</subfield><subfield code="d">OCL</subfield></datafield><datafield ind1=" " ind2=" " tag="019"><subfield code="a">11156901</subfield></datafield><datafield ind1=" " ind2=" " tag="042"><subfield code="a">pcc</subfield></datafield><datafield ind1=" " ind2=" " tag="043"><subfield code="a">n-us-in</subfield></datafield><datafield ind1="0" ind2="0" tag="050"><subfield code="a">Newspaper</subfield></datafield><datafield ind1="0" ind2="0" tag="245"><subfield code="a">Lafayette daily journal.</subfield></datafield><datafield ind1="1" ind2=" " tag="246"><subfield code="i">Published from Jan. 9, 1869-&lt;June 30, 1884&gt; as:</subfield><subfield code="a">La Fayette daily journal</subfield></datafield><datafield ind1=" " ind2=" " tag="260"><subfield code="a">Lafayette, Ind. :</subfield><subfield code="b">Bausman &amp; West</subfield></datafield><datafield ind1=" " ind2=" " tag="300"><subfield code="a">v.</subfield></datafield><datafield ind1=" " ind2=" " tag="310"><subfield code="a">Daily (except Sunday)</subfield></datafield><datafield ind1="1" ind2=" " tag="362"><subfield code="a">Began in Jan. 1849; ceased in 1889.</subfield></datafield><datafield ind1=" " ind2=" " tag="530"><subfield code="a">Also issued on microfilm from the Library of Congress, Photoduplication Service.</subfield></datafield><datafield ind1=" " ind2=" " tag="580"><subfield code="a">Railroad ed. published, &lt;Sept. 16, 1861-June 20, 1863&gt;.</subfield></datafield><datafield ind1=" " ind2=" " tag="580"><subfield code="a">Weekly eds.: Lafayette weekly journal (Lafayette, Ind. : 1849), 1849-1855, and: Journal and free-press, 1855-1859, and: Lafayette weekly journal (Lafayette, Ind. : 1859), 1859-1885, and: Weekly journal (Lafayette, Ind. : 1885), 1885-1887, and: La Fayette weekly journal (Lafayette, Ind. : 1887), 1887-1889.</subfield></datafield><datafield ind1=" " ind2=" " tag="588"><subfield code="a">Description based on: Vol. 1, no. 95 (May 4, 1849); title from masthead.</subfield></datafield><datafield ind1=" " ind2=" " tag="588"><subfield code="a">Latest issue consulted: Volume 30, number 67 (November 20, 1876); America's Historical Newspapers (viewed Aug. 8, 2017).</subfield></datafield><datafield ind1=" " ind2="0" tag="651"><subfield code="a">Lafayette (Ind.)</subfield><subfield code="v">Newspapers.</subfield></datafield><datafield ind1=" " ind2="0" tag="651"><subfield code="a">Tippecanoe County (Ind.)</subfield><subfield code="v">Newspapers.</subfield></datafield><datafield ind1=" " ind2="7" tag="651"><subfield code="a">Indiana</subfield><subfield code="z">Tippecanoe County.</subfield><subfield code="2">fast</subfield><subfield code="0">(OCoLC)fst01213782</subfield></datafield><datafield ind1=" " ind2="7" tag="651"><subfield code="a">Indiana</subfield><subfield code="z">Lafayette.</subfield><subfield code="2">fast</subfield><subfield code="0">(OCoLC)fst01204553</subfield></datafield><datafield ind1=" " ind2="7" tag="655"><subfield code="a">Newspapers.</subfield><subfield code="2">fast</subfield><subfield code="0">(OCoLC)fst01423814</subfield></datafield><datafield ind1=" " ind2=" " tag="752"><subfield code="a">United States</subfield><subfield code="b">Indiana</subfield><subfield code="c">Tippecanoe</subfield><subfield code="d">Lafayette.</subfield></datafield><datafield ind1="1" ind2=" " tag="775"><subfield code="t">Lafayette weekly journal (Lafayette, Ind. : 1849)</subfield><subfield code="w">(DLC)sn 82003378</subfield><subfield code="w">(OCoLC)8801424</subfield></datafield><datafield ind1="1" ind2=" " tag="775"><subfield code="t">Journal and free-press</subfield><subfield code="w">(DLC)sn 82003379</subfield><subfield code="w">(OCoLC)8801455</subfield></datafield><datafield ind1="1" ind2=" " tag="775"><subfield code="t">Lafayette weekly journal (Lafayette, Ind. : 1859)</subfield><subfield code="w">(DLC)sn 87055505</subfield><subfield code="w">(OCoLC)15539918</subfield></datafield><datafield ind1="1" ind2=" " tag="775"><subfield code="t">Weekly journal (Lafayette, Ind. : 1885)</subfield><subfield code="w">(DLC)sn 87055484</subfield><subfield code="w">(OCoLC)15540037</subfield></datafield><datafield ind1="1" ind2=" " tag="775"><subfield code="t">Fayette weekly journal (Lafayette, Ind. : 1887)</subfield><subfield code="w">(DLC)sn 84023989</subfield><subfield code="w">(OCoLC)11109979</subfield></datafield><datafield ind1="0" ind2="0" tag="785"><subfield code="t">Morning journal (Lafayette, Ind.)</subfield><subfield code="w">(DLC)sn 86063058</subfield><subfield code="w">(OCoLC)13105047</subfield></datafield><datafield ind1="4" ind2="1" tag="856"><subfield code="u">http://infoweb.newsbank.com/iw-search/we/HistArchive?p_theme=ahnp&amp;p_product=EANX&amp;p_nbid=A56X56DNMTUwMjIwMDQxNS42MDA0Mzc6MToxMzoxMjkuNzkuMzguMTAx&amp;p_action=keyword&amp;f_pubBrowse=14EF0D53C0FC85CE</subfield></datafield><datafield ind1="4" ind2="1" tag="856"><subfield code="u">https://access.newspaperarchive.com/us/indiana/lafayette/lafayette-daily-journal/</subfield></datafield><datafield ind1="1" ind2=" " tag="029"><subfield code="a">AU@</subfield><subfield code="b">000025829196</subfield></datafield></record>